<record><leader>00000cas a2200000 a 4500</leader><controlfield tag="001">44919665</controlfield><controlfield tag="008">000831c19919999moudr ne      0    0eng  </controlfield><controlfield tag="009">466</controlfield><datafield ind1=" " ind2=" " tag="010"><subfield code="a">sn 00058021 </subfield></datafield><datafield ind1=" " ind2=" " tag="040"><subfield code="a">DLC</subfield><subfield code="b">eng</subfield><subfield code="c">DLC</subfield><subfield code="d">OCLCQ</subfield><subfield code="d">OCLCF</subfield><subfield code="d">OCLCO</subfield></datafield><datafield ind1=" " ind2=" " tag="022"><subfield code="a">0893-3448</subfield><subfield code="l">0893-3448</subfield></datafield><datafield ind1="1" ind2=" " tag="029"><subfield code="a">AU@</subfield><subfield code="b">000021738252</subfield></datafield><datafield ind1=" " ind2=" " tag="032"><subfield code="a">512600</subfield><subfield code="b">USPS</subfield></datafield><datafield ind1=" " ind2=" " tag="037"><subfield code="a">Springfield News-Leader, 651 Boonville Ave., MPO Box 798, Springfield, MO 65800</subfield></datafield><datafield ind1=" " ind2=" " tag="042"><subfield code="a">pcc</subfield></datafield><datafield ind1=" " ind2=" " tag="043"><subfield code="a">n-us-mo</subfield></datafield><datafield ind1="0" ind2="0" tag="050"><subfield code="a">Newspaper</subfield></datafield><datafield ind1="0" ind2=" " tag="130"><subfield code="a">Springfield news-leader (Springfield, Mo. : 1991)</subfield></datafield><datafield ind1="0" ind2="4" tag="245"><subfield code="a">The Springfield news-leader.</subfield></datafield><datafield ind1="3" ind2=" " tag="246"><subfield code="a">Springfield news leader</subfield></datafield><datafield ind1="3" ind2="0" tag="246"><subfield code="a">News-leader</subfield></datafield><datafield ind1="3" ind2=" " tag="246"><subfield code="a">News leader</subfield></datafield><datafield ind1=" " ind2=" " tag="260"><subfield code="a">Springfield, Mo. :</subfield><subfield code="b">M.L. Green,</subfield><subfield code="c">1991-</subfield></datafield><datafield ind1=" " ind2=" " tag="300"><subfield code="a">v.</subfield></datafield><datafield ind1=" " ind2=" " tag="310"><subfield code="a">Daily</subfield></datafield><datafield ind1="0" ind2=" " tag="362"><subfield code="a">Oct. 2, 1991-</subfield></datafield><datafield ind1=" " ind2=" " tag="500"><subfield code="a">"A Gannet newspaper", &lt;Oct. 16, 1995&gt;.</subfield></datafield><datafield ind1=" " ind2=" " tag="500"><subfield code="a">Publisher: News-Leader, &lt;Aug. 21, 2000&gt;.</subfield></datafield><datafield ind1=" " ind2=" " tag="530"><subfield code="a">Also available on microfilm from Bell &amp; Howell Information and Learning.</subfield></datafield><datafield ind1=" " ind2="0" tag="651"><subfield code="a">Springfield (Mo.)</subfield><subfield code="v">Newspapers.</subfield></datafield><datafield ind1=" " ind2="0" tag="651"><subfield code="a">Greene County (Mo.)</subfield><subfield code="v">Newspapers.</subfield></datafield><datafield ind1=" " ind2="0" tag="651"><subfield code="a">Ozark Mountains</subfield><subfield code="v">Newspapers.</subfield></datafield><datafield ind1=" " ind2="7" tag="655"><subfield code="a">Newspapers.</subfield><subfield code="2">fast</subfield><subfield code="0">(OCoLC)fst01423814</subfield></datafield><datafield ind1=" " ind2="7" tag="651"><subfield code="a">Missouri</subfield><subfield code="z">Greene County.</subfield><subfield code="2">fast</subfield><subfield code="0">(OCoLC)fst01214038</subfield></datafield><datafield ind1=" " ind2="7" tag="651"><subfield code="a">Missouri</subfield><subfield code="z">Springfield.</subfield><subfield code="2">fast</subfield><subfield code="0">(OCoLC)fst01212826</subfield></datafield><datafield ind1=" " ind2="7" tag="651"><subfield code="a">United States</subfield><subfield code="z">Ozark Mountains.</subfield><subfield code="2">fast</subfield><subfield code="0">(OCoLC)fst01243486</subfield></datafield><datafield ind1=" " ind2=" " tag="752"><subfield code="a">United States</subfield><subfield code="b">Missouri</subfield><subfield code="c">Greene</subfield><subfield code="d">Springfield.</subfield></datafield><datafield ind1="0" ind2="0" tag="780"><subfield code="t">News-leader</subfield><subfield code="w">(DLC)sn 87007206</subfield><subfield code="w">(OCoLC)15564106</subfield></datafield><datafield ind1="4" ind2="1" tag="856"><subfield code="h">http://www.ozarksnow.com</subfield></datafield><datafield ind1=" " ind2=" " tag="936"><subfield code="a">Vol. 110, no. 234 (Aug. 21, 2000) LIC</subfield></datafield></record>